@journal{6781868,
  author={A. {Stasinopoulos} and C. {Ntantogian} and C. {Xenakis}},
  booktitle={IEEE International Symposium on Signal Processing and Information Technology}, 
  title={The weakest link on the network: Exploiting ADSL routers to perform cyber-attacks}, 
  year={2013},
  volume={},
  number={},
  pages={000135-000139},}
